@book{OnlineComp1998,
  added-at = {2011-04-21T00:00:00.000+0200},
  author = {Borodin, Allan and El-Yaniv, Ran},
  biburl = {https://www.bibsonomy.org/bibtex/27450ee26ea6501f7778c9e3962e52bc8/dblp},
  interhash = {85c1a0ffa2c60a8aa51af611011854e9},
  intrahash = {7450ee26ea6501f7778c9e3962e52bc8},
  isbn = {978-0-521-56392-5},
  keywords = {dblp},
  pages = {I-XVIII, 1-414},
  publisher = {Cambridge University Press},
  timestamp = {2011-04-29T15:27:06.000+0200},
  title = {Online computation and competitive analysis.},
  year = 1998
}

@article{MAXMAX2005,
  title={A new measure for the study of on-line algorithms},
  author={Shai Ben-David and Allan Borodin},
  journal={Algorithmica},
  year={2005},
  volume={11},
  pages={73-91}
}

@misc{bij2016,
      title={Stochastic dominance and the bijective ratio of online algorithms}, 
      author={Spyros Angelopoulos and Marc P. Renault and Pascal Schweitzer},
      year={2016},
      eprint={1607.06132},
      archivePrefix={arXiv},
      primaryClass={cs.DS}
}

@article{WFA2009,
author = {Rudec, Tomislav and Baumgartner, Alfonzo and Manger, Robert},
year = {2009},
month = {01},
pages = {1-19},
title = {A fast work function algorithm for solving the k-server problem},
volume = {21},
journal = {Central European Journal of Operations Research},
doi = {10.1007/s10100-011-0222-7}
}